@book{herlihy:artmulti,
  author = "M. Herlihy and N. Shavit",
  title = "The Art of Multiprocessor Programming",
  publisher = "Morgan Kaufmann Publishers",
  address = "???",
  year = "2012" }

@book{williams:cppconcurrent,
  author = "A. Williams",
  title = "C++ Concurrency In Action: Pratical Multithreading",
  publisher = "Manning Publications",
  address = "???",
  year = "2012" }

@book{pang:compphys,
  author = "T. Pang",
  title = "Introduction to Computational Physics",
  publisher = "Cambridge University Press",
  address = "Cambridge",
  year = "2006" }

@incollection{Koppen:2003:CAG:998038.998135,
  author = {K\"{o}ppen, Mario and Dimitriadou, Evgenia},
  chapter = {Concurrent Application of Genetic Algorithm in Pattern Recognition},
  title = {Design and Application of Hybrid Intelligent Systems},
  editor = {Abraham, Ajith and K\"{o}ppen, Mario and Franke, Katrin},
  year = {2003},
  isbn = {1-58603-394-8},
  pages = {868--877},
  numpages = {10},
  url = {http://dl.acm.org/citation.cfm?id=998038.998135},
  acmid = {998135},
  publisher = {IOS Press},
  address = {Amsterdam, The Netherlands, The Netherlands} }
